@inbook{Emerson_1980, title={Characterizing correctness properties of parallel programs using fixpoints}, ISBN={9783540393467}, ISSN={1611-3349}, url={http://dx.doi.org/10.1007/3-540-10003-2_69}, DOI={10.1007/3-540-10003-2_69}, booktitle={Lecture Notes in Computer Science}, publisher={Springer Berlin Heidelberg}, author={Emerson, E. Allen and Clarke, Edmund M.}, year={1980}, pages={169–181} }

@inproceedings{Clarke,
  title={Design and synthesis of synchronization skeletons using branching time temporal logic},
  author={Clarke, Edmund M and Emerson, E Allen},
  booktitle={Workshop on logic of programs},
  pages={52--71},
  year={1981},
  organization={Springer}, 
  ISBN={354011212X}, 
  url={http://dx.doi.org/10.1007/bfb0025774}
}


@article{Clarke_1986, title={Automatic verification of finite-state concurrent systems using temporal logic specifications}, volume={8}, ISSN={1558-4593}, url={http://dx.doi.org/10.1145/5397.5399}, DOI={10.1145/5397.5399}, number={2}, journal={ACM Transactions on Programming Languages and Systems}, publisher={Association for Computing Machinery (ACM)}, author={Clarke, E. M. and Emerson, E. A. and Sistla, A. P.}, year={1986}, month=apr, pages={244–263} }


@inbook{Grobelna_2015, title={Model Checking of UML Activity Diagrams Using a Rule-Based Logical Model}, ISBN={9783319267258}, ISSN={2198-4190}, url={http://dx.doi.org/10.1007/978-3-319-26725-8_12}, DOI={10.1007/978-3-319-26725-8_12}, booktitle={Studies in Systems, Decision and Control}, publisher={Springer International Publishing}, author={Grobelna, Iwona and Grobelny, Michał and Adamski, Marian}, year={2015}, month=dec, pages={153–163} }


@book{2018, title={Advances in Intelligent Systems and Computing II}, ISBN={9783319705811}, ISSN={2194-5365}, url={http://dx.doi.org/10.1007/978-3-319-70581-1}, DOI={10.1007/978-3-319-70581-1}, journal={Advances in Intelligent Systems and Computing}, publisher={Springer International Publishing}, year={2018},editor = {Natalia, Shakhovska and Volodymyr, Stepashko} }


@inbook{McMillan_1993, title={Symbolic Model Checking}, ISBN={9781461531906}, url={http://dx.doi.org/10.1007/978-1-4615-3190-6_3}, DOI={10.1007/978-1-4615-3190-6_3}, booktitle={Symbolic Model Checking}, publisher={Springer US}, author={McMillan, Kenneth L.}, year={1993}, pages={25–60} }


@article{Bryant_1986, title={Graph-Based Algorithms for Boolean Function Manipulation}, volume={C–35}, ISSN={0018-9340}, url={http://dx.doi.org/10.1109/tc.1986.1676819}, DOI={10.1109/tc.1986.1676819}, number={8}, journal={IEEE Transactions on Computers}, publisher={Institute of Electrical and Electronics Engineers (IEEE)}, author={Bryant}, year={1986}, month=aug, pages={677–691} }


@inproceedings{viamontes2007checking,
  title={Checking equivalence of quantum circuits and states},
  author={Viamontes, George F and Markov, Igor L and Hayes, John P},
  booktitle={2007 IEEE/ACM International Conference on Computer-Aided Design},
  pages={69--74},
  year={2007},
  organization={IEEE}
}
@article{burgholzer2020advanced,
  title={Advanced equivalence checking for quantum circuits},
  author={Burgholzer, Lukas and Wille, Robert},
  journal={IEEE Transactions on Computer-Aided Design of Integrated Circuits and Systems},
  volume={40},
  number={9},
  pages={1810--1824},
  year={2020},
  publisher={IEEE}
}
@book{nielsen2010quantum,
  title={Quantum computation and quantum information},
  author={Nielsen, Michael A and Chuang, Isaac L},
  year={2010},
  publisher={Cambridge university press}
}
@book{baier2008principles,
  title={Principles of model checking},
  author={Baier, Christel and Katoen, Joost-Pieter},
  year={2008},
  publisher={MIT press}
}
@article{biamonte2019lectures,
  title={Lectures on quantum tensor networks},
  author={Biamonte, Jacob},
  journal={arXiv preprint arXiv:1912.10049},
  year={2019}
}
@article{pednault2017breaking,
  title={Breaking the 49-qubit barrier in the simulation of quantum circuits},
  author={Pednault, Edwin and Gunnels, John A and Nannicini, Giacomo and Horesh, Lior and Magerlein, Thomas and Solomonik, Edgar and Wisnieff, Robert},
  journal={arXiv preprint arXiv:1710.05867},
  volume={15},
  year={2017}
}
@article{davidson2012model,
  title={Model Checking for Communicating Quantum Processes.},
  author={Davidson, Timothy AS and Gay, Simon J and Mlnarik, Hynek and Nagarajan, Rajagopal and Papanikolaou, Nick},
  journal={Int. J. Unconv. Comput.},
  volume={8},
  number={1},
  pages={73--98},
  year={2012}
}
@book{ying2016foundations,
  title={Foundations of quantum programming},
  author={Ying, Mingsheng},
  year={2016},
  publisher={Morgan Kaufmann}
}
@article{ying2014model,
  title={Model-checking linear-time properties of quantum systems},
  author={Ying, Mingsheng and Li, Yangjia and Yu, Nengkun and Feng, Yuan},
  journal={ACM Transactions on Computational Logic (TOCL)},
  volume={15},
  number={3},
  pages={1--31},
  year={2014},
  publisher={ACM New York, NY, USA}
}
@article{feng2013model,
  title={Model checking quantum Markov chains},
  author={Feng, Yuan and Yu, Nengkun and Ying, Mingsheng},
  journal={Journal of Computer and System Sciences},
  volume={79},
  number={7},
  pages={1181--1198},
  year={2013},
  publisher={Elsevier}
}
@article{van2020zx,
  title={ZX-calculus for the working quantum computer scientist},
  author={van de Wetering, John},
  journal={arXiv preprint arXiv:2012.13966},
  year={2020}
}
@inproceedings{ying2021model,
  title={Model Checking for Verification of Quantum Circuits},
  author={Ying, Mingsheng},
  booktitle={Formal Methods: 24th International Symposium, FM 2021, Virtual Event, November 20--26, 2021, Proceedings 24},
  pages={23--39},
  year={2021},
  organization={Springer}
}
@article{chen2018classical,
  title={Classical simulation of intermediate-size quantum circuits},
  author={Chen, Jianxin and Zhang, Fang and Huang, Cupjin and Newman, Michael and Shi, Yaoyun},
  journal={arXiv preprint arXiv:1805.01450},
  year={2018}
}
@inbook{2009, ISBN={9789048130658}, url={http://dx.doi.org/10.1007/978-90-481-3065-8_9}, DOI={10.1007/978-90-481-3065-8_9}, booktitle={Quantum Circuit Simulation}, publisher={Springer Netherlands}, year={2009}, pages={115–131} }


@inproceedings{Grover_1996, series={STOC ’96}, title={A fast quantum mechanical algorithm for database search}, url={http://dx.doi.org/10.1145/237814.237866}, DOI={10.1145/237814.237866}, booktitle={Proceedings of the twenty-eighth annual ACM symposium on Theory of computing  - STOC ’96}, publisher={ACM Press}, author={Grover, Lov K.}, year={1996}, collection={STOC ’96} }


@inproceedings{Shor, series={SFCS-94}, title={Algorithms for quantum computation: discrete logarithms and factoring}, url={http://dx.doi.org/10.1109/sfcs.1994.365700}, DOI={10.1109/sfcs.1994.365700}, booktitle={Proceedings 35th Annual Symposium on Foundations of Computer Science}, publisher={IEEE Comput. Soc. Press}, author={Shor, P.W.},
year={1994}, collection={SFCS-94} }


@inbook{Feynman, title={Simulating Physics with Computers}, ISBN={9780429500459}, url={http://dx.doi.org/10.1201/9780429500459-11}, DOI={10.1201/9780429500459-11}, booktitle={Feynman and Computation}, publisher={CRC Press}, author={Feynman, Richard P.}, pages={133–153}, year={2002} }


@inbook{goranko_2023, place={Cambridge}, series={Elements in Philosophy and Logic}, title={Temporal Logics}, DOI={10.1017/9781009170093}, publisher={Cambridge University Press}, author={Goranko, Valentin}, year={2023}, collection={Elements in Philosophy and Logic}}


@inbook{Baym_2018, title={Rotations and Tensor Operators}, ISBN={9780429499265}, url={http://dx.doi.org/10.1201/9780429499265-17}, DOI={10.1201/9780429499265-17}, booktitle={Lectures on Quantum Mechanics}, publisher={CRC Press}, author={Baym, Gordon}, year={2018}, month=mar, pages={358–386} }


@article{Hong_2022, title={A Tensor Network based Decision Diagram for Representation of Quantum Circuits}, volume={27}, ISSN={1557-7309}, url={http://dx.doi.org/10.1145/3514355}, DOI={10.1145/3514355}, number={6}, journal={ACM Transactions on Design Automation of Electronic Systems}, publisher={Association for Computing Machinery (ACM)}, author={Hong, Xin and Zhou, Xiangzhen and Li, Sanjiang and Feng, Yuan and Ying, Mingsheng}, year={2022}, month=jun, pages={1–30} }


@inbook{Chaki_2018, title={BDD-Based Symbolic Model Checking}, ISBN={9783319105758}, url={http://dx.doi.org/10.1007/978-3-319-10575-8_8}, DOI={10.1007/978-3-319-10575-8_8}, booktitle={Handbook of Model Checking}, publisher={Springer International Publishing}, author={Chaki, Sagar and Gurfinkel, Arie}, year={2018}, pages={219–245} }


@article{Viamontes_2003, title={Improving Gate-Level Simulation of Quantum Circuits}, volume={2}, ISSN={1570-0755}, url={http://dx.doi.org/10.1023/b:qinp.0000022725.70000.4a}, DOI={10.1023/b:qinp.0000022725.70000.4a}, number={5}, journal={Quantum Information Processing}, publisher={Springer Science and Business Media LLC}, author={Viamontes, George F. and Markov, Igor L. and Hayes, John P.}, year={2003}, month=oct, pages={347–380} }


@inbook{Seiter_2013, title={Property Checking of Quantum Circuits Using Quantum Multiple-Valued Decision Diagrams}, ISBN={9783642363153}, ISSN={1611-3349}, url={http://dx.doi.org/10.1007/978-3-642-36315-3_15}, DOI={10.1007/978-3-642-36315-3_15}, booktitle={Lecture Notes in Computer Science}, publisher={Springer Berlin Heidelberg}, author={Seiter, Julia and Soeken, Mathias and Wille, Robert and Drechsler, Rolf}, year={2013}, pages={183–196} }


@article{Kerckhoff_2010, title={Designing Quantum Memories with Embedded Control: Photonic Circuits for Autonomous Quantum Error Correction}, volume={105}, ISSN={1079-7114}, url={http://dx.doi.org/10.1103/physrevlett.105.040502}, DOI={10.1103/physrevlett.105.040502}, number={4}, journal={Physical Review Letters}, publisher={American Physical Society (APS)}, author={Kerckhoff, Joseph and Nurdin, Hendra I. and Pavlichin, Dmitri S. and Mabuchi, Hideo}, year={2010}, month=jul }


@article{Gough_2008, title={Quantum Feedback Networks: Hamiltonian Formulation}, volume={287}, ISSN={1432-0916}, url={http://dx.doi.org/10.1007/s00220-008-0698-8}, DOI={10.1007/s00220-008-0698-8}, number={3}, journal={Communications in Mathematical Physics}, publisher={Springer Science and Business Media LLC}, author={Gough, J. and James, M. R.}, year={2008}, month=dec, pages={1109–1132} }


@article{Bocharov_2015, title={Efficient Synthesis of Universal Repeat-Until-Success Quantum Circuits}, volume={114}, ISSN={1079-7114}, url={http://dx.doi.org/10.1103/physrevlett.114.080502}, DOI={10.1103/physrevlett.114.080502}, number={8}, journal={Physical Review Letters}, publisher={American Physical Society (APS)}, author={Bocharov, Alex and Roetteler, Martin and Svore, Krysta M.}, year={2015}, month=feb }


@inbook{Gay, title={QMC: A Model Checker for Quantum Systems}, ISBN={9783540705451}, ISSN={1611-3349}, url={http://dx.doi.org/10.1007/978-3-540-70545-1_51}, DOI={10.1007/978-3-540-70545-1_51}, booktitle={Lecture Notes in Computer Science}, publisher={Springer Berlin Heidelberg}, author={Gay, Simon J. and Nagarajan, Rajagopal and Papanikolaou, Nikolaos}, pages={543–547},year = {2008} }


@article{BALTAZAR_2008, title={QUANTUM COMPUTATION TREE LOGIC — MODEL CHECKING AND COMPLETE CALCULUS}, volume={06}, ISSN={1793-6918}, url={http://dx.doi.org/10.1142/s0219749908003530}, DOI={10.1142/s0219749908003530}, number={02}, journal={International Journal of Quantum Information}, publisher={World Scientific Pub Co Pte Lt}, author={BALTAZAR, P. and CHADHA, R. and MATEUS, P.}, year={2008}, month=apr, pages={219–236} }



@inbook{Ying_2013, title={Reachability Probabilities of Quantum Markov Chains}, ISBN={9783642401848}, ISSN={1611-3349}, url={http://dx.doi.org/10.1007/978-3-642-40184-8_24}, DOI={10.1007/978-3-642-40184-8_24}, booktitle={Lecture Notes in Computer Science}, publisher={Springer Berlin Heidelberg}, author={Ying, Shenggang and Feng, Yuan and Yu, Nengkun and Ying, Mingsheng}, year={2013}, pages={334–348} }


@inbook{2021, url={http://dx.doi.org/10.1017/9781108613323.007}, DOI={10.1017/9781108613323.007}, booktitle={Model Checking Quantum Systems}, publisher={Cambridge University Press}, year={2021}, month=feb, pages={87–137} }


@inproceedings{Vilmart_2019, title={A Near-Minimal Axiomatisation of ZX-Calculus for Pure Qubit Quantum Mechanics}, url={http://dx.doi.org/10.1109/lics.2019.8785765}, DOI={10.1109/lics.2019.8785765}, booktitle={2019 34th Annual ACM/IEEE Symposium on Logic in Computer Science (LICS)}, publisher={IEEE}, author={Vilmart, Renaud}, year={2019}, month=jun }


@inbook{Ying_2021, title={Model Checking for Verification of Quantum Circuits}, ISBN={9783030908706}, ISSN={1611-3349}, url={http://dx.doi.org/10.1007/978-3-030-90870-6_2}, DOI={10.1007/978-3-030-90870-6_2}, booktitle={Lecture Notes in Computer Science}, publisher={Springer International Publishing}, author={Ying, Mingsheng}, year={2021}, pages={23–39} }
@misc{wiki:bdd,
  title = {Binary decision diagram},
  url = {https://en.wikipedia.org/wiki/Binary_decision_diagram},
  year = {2023},
  note = {[Online; accessed 12-December-2023]}
}

@article{vinkhuijzen2023limdd,
  title={LIMDD: A decision diagram for simulation of quantum computing including stabilizer states},
  author={Vinkhuijzen, Lieuwe and Coopmans, Tim and Elkouss, David and Dunjko, Vedran and Laarman, Alfons},
  journal={Quantum},
  volume={7},
  pages={1108},
  year={2023},
  publisher={Verein zur F{\"o}rderung des Open Access Publizierens in den Quantenwissenschaften}
}