%---------------------------------------------------------------------------%
%-                                                                         -%
%-                             Bibliography                                -%
%-                                                                         -%
%---------------------------------------------------------------------------%
@book{wikibook2014latex,
    title={http://en.wikibooks.org/wiki/LaTeX},
    author={Wikibook},
    year={2014},
    publisher={On-line Resources}
}
@book{lamport1986document,
    title={Document Preparation System},
    author={Lamport, Leslie},
    year={1986},
    publisher={Addison-Wesley Reading, MA}
}
@article{chen2005zhulu,
    title={著录文后参考文献的规则及注意事项},
    author={陈浩元},
    key={Chen Hao Yuan},
    journal={编辑学报},
    volume={17},
    number={6},
    pages={413--415},
    year={2005}
}
@book{chu2004tushu,
    title={图书馆数字参考咨询服务研究},
    author={初景利},
    key={Chu Jing Li},
    year={2004},
    address={北京},
    publisher={北京图书馆出版社}
}
@article{stamerjohanns2009mathml,
    title={{MathML}-aware article conversion from {LaTeX}},
    author={Stamerjohanns, Heinrich and Ginev, Deyan and David, Catalin and Misev, Dimitar and Zamdzhiev, Vladimir and Kohlhase, Michael},
    journal={Towards a Digital Mathematics Library},
    volume={16},
    number={2},
    pages={109--120},
    year={2009},
    publisher={Masaryk University Press}
}
@article{betts2005aging,
    title={Aging reduces center-surround antagonism in visual motion processing},
    author={Betts, Lisa R and Taylor, Christopher P},
    journal={Neuron},
    volume={45},
    number={3},
    pages={361--366},
    year={2005},
    publisher={Elsevier}
}

@article{bravo1990comparative,
    title={Comparative study of visual inter and intrahemispheric cortico-cortical connections in five native Chilean rodents},
    author={Bravo, Hermes and Olavarria, Jaime},
    journal={Anatomy and embryology},
    volume={181},
    number={1},
    pages={67--73},
    year={1990},
    publisher={Springer}
}
@book{hls2012jinji,
    author       = {哈里森·沃尔德伦},
    key          = {Haliseng Woerdelun},
    translator   = {谢远涛},
    title        = {经济数学与金融数学},
    address      = {北京},
    publisher    = {中国人民大学出版社},
    year         = {2012},
    pages        = {235--236},
}
@proceedings{niu2013zonghe,
    editor       = {牛志明 and 斯温兰德 and 雷光春},
    key          = {Niu Zhi Ming Siwenlande Lei Guang Chun},
    title        = {综合湿地管理国际研讨会论文集},
    address      = {北京},
    publisher    = {海洋出版社},
    year         = {2013},
}
@incollection{chen1980zhongguo,
    author       = {陈晋镳 and 张惠民 and 朱士兴 and 赵震 and
        王振刚},
    key          = {Chen Jing Ao Zhang Hui Ming Zhu Shi Xing Zhao Zhen Wang Zhen Gang},
    title        = {蓟县震旦亚界研究},
    editor       = {中国地质科学院天津地质矿产研究所},
    booktitle    = {中国震旦亚界},
    address      = {天津},
    publisher    = {天津科学技术出版社},
    year         = {1980},
    pages        = {56--114},
}
@article{yuan2012lana,
    author       = {袁训来 and 陈哲 and 肖书海},
    key          = {Yuan xun lai Chen zhe Xiao shu Hai},
    title        = {蓝田生物群: 一个认识多细胞生物起源和早期演化的新窗口 -- 篇一},
    journal      = {科学通报},
    year         = {2012},
    volume       = {57},
    number       = {34},
    pages        = {3219},
}
@article{yuan2012lanb,
    author       = {袁训来 and 陈哲 and 肖书海},
    key          = {Yuan xun lai Chen zhe Xiao shu Hai},
    title        = {蓝田生物群: 一个认识多细胞生物起源和早期演化的新窗口 -- 篇二},
    journal      = {科学通报},
    year         = {2012},
    volume       = {57},
    number       = {34},
    pages        = {3219},
}
@article{yuan2012lanc,
    author       = {袁训来 and 陈哲 and 肖书海},
    key          = {Yuan xun lai Chen zhe Xiao shu Hai},
    title        = {蓝田生物群: 一个认识多细胞生物起源和早期演化的新窗口 -- 篇三},
    journal      = {科学通报},
    year         = {2012},
    volume       = {57},
    number       = {34},
    pages        = {3219},
}
@article{walls2013drought,
    author       = {Walls, Susan C. and Barichivich, William J. and Brown, Mary
        E.},
    title        = {Drought, deluge and declines: the impact of precipitation
        extremes on amphibians in a changing climate},
    journal      = {Biology},
    year         = {2013},
    volume       = {2},
    number       = {1},
    pages        = {399--418},
    urldate      = {2013-11-04},
    url          = {http://www.mdpi.com/2079-7737/2/1/399},
    doi          = {10.3390/biology2010399},
}
@article{Bohan1928,
    author = { ボハン, デ},
    title = { 過去及び現在に於ける英国と会 },
    journal = { 日本時報 },
    year = { 1928 },
    volume = { 17 },
    pages = { 5-9 },
    edition = { 9 },
    hyphenation = { japanese },
    language = { japanese }
}

@article{Dubrovin1906,
    author = { Дубровин, А. И },
    title = { Открытое письмо Председателя Главного Совета Союза Русского Народа Санкт-Петербургскому Антонию, Первенствующему члену Священного Синода },
    journal = { Вече },
    year = { 1906 },
    volume = {  },
    edition = { 97 },
    month = { 7 дек. 1906 },
    pages = { 1-3 },
    hyphenation = { russian },
    language = { russian }
}
%---------------------------------------------------------------------------%
@inbook{Emerson_1980, title={Characterizing correctness properties of parallel programs using fixpoints}, ISBN={9783540393467}, ISSN={1611-3349}, url={http://dx.doi.org/10.1007/3-540-10003-2_69}, DOI={10.1007/3-540-10003-2_69}, booktitle={Lecture Notes in Computer Science}, publisher={Springer Berlin Heidelberg}, author={Emerson, E. Allen and Clarke, Edmund M.}, year={1980}, pages={169–181} }

@inproceedings{Clarke,
  title={Design and synthesis of synchronization skeletons using branching time temporal logic},
  author={Clarke, Edmund M and Emerson, E Allen},
  booktitle={Workshop on logic of programs},
  pages={52--71},
  year={1981},
  organization={Springer}, 
  ISBN={354011212X}, 
  url={http://dx.doi.org/10.1007/bfb0025774}
}


@article{Clarke_1986, title={Automatic verification of finite-state concurrent systems using temporal logic specifications}, volume={8}, ISSN={1558-4593}, url={http://dx.doi.org/10.1145/5397.5399}, DOI={10.1145/5397.5399}, number={2}, journal={ACM Transactions on Programming Languages and Systems}, publisher={Association for Computing Machinery (ACM)}, author={Clarke, E. M. and Emerson, E. A. and Sistla, A. P.}, year={1986}, month=apr, pages={244–263} }


@inbook{Grobelna_2015, title={Model Checking of UML Activity Diagrams Using a Rule-Based Logical Model}, ISBN={9783319267258}, ISSN={2198-4190}, url={http://dx.doi.org/10.1007/978-3-319-26725-8_12}, DOI={10.1007/978-3-319-26725-8_12}, booktitle={Studies in Systems, Decision and Control}, publisher={Springer International Publishing}, author={Grobelna, Iwona and Grobelny, Michał and Adamski, Marian}, year={2015}, month=dec, pages={153–163} }


@book{2018, title={Advances in Intelligent Systems and Computing II}, ISBN={9783319705811}, ISSN={2194-5365}, url={http://dx.doi.org/10.1007/978-3-319-70581-1}, DOI={10.1007/978-3-319-70581-1}, journal={Advances in Intelligent Systems and Computing}, publisher={Springer International Publishing}, year={2018},editor = {Natalia, Shakhovska and Volodymyr, Stepashko} }


@inbook{McMillan_1993, title={Symbolic Model Checking}, ISBN={9781461531906}, url={http://dx.doi.org/10.1007/978-1-4615-3190-6_3}, DOI={10.1007/978-1-4615-3190-6_3}, booktitle={Symbolic Model Checking}, publisher={Springer US}, author={McMillan, Kenneth L.}, year={1993}, pages={25–60} }


@article{Bryant_1986, title={Graph-Based Algorithms for Boolean Function Manipulation}, volume={C–35}, ISSN={0018-9340}, url={http://dx.doi.org/10.1109/tc.1986.1676819}, DOI={10.1109/tc.1986.1676819}, number={8}, journal={IEEE Transactions on Computers}, publisher={Institute of Electrical and Electronics Engineers (IEEE)}, author={Bryant}, year={1986}, month=aug, pages={677–691} }


@inproceedings{viamontes2007checking,
  title={Checking equivalence of quantum circuits and states},
  author={Viamontes, George F and Markov, Igor L and Hayes, John P},
  booktitle={2007 IEEE/ACM International Conference on Computer-Aided Design},
  pages={69--74},
  year={2007},
  organization={IEEE}
}
@article{burgholzer2020advanced,
  title={Advanced equivalence checking for quantum circuits},
  author={Burgholzer, Lukas and Wille, Robert},
  journal={IEEE Transactions on Computer-Aided Design of Integrated Circuits and Systems},
  volume={40},
  number={9},
  pages={1810--1824},
  year={2020},
  publisher={IEEE}
}
@book{nielsen2010quantum,
  title={Quantum computation and quantum information},
  author={Nielsen, Michael A and Chuang, Isaac L},
  year={2010},
  publisher={Cambridge university press}
}
@book{baier2008principles,
  title={Principles of model checking},
  author={Baier, Christel and Katoen, Joost-Pieter},
  year={2008},
  publisher={MIT press}
}
@article{biamonte2019lectures,
  title={Lectures on quantum tensor networks},
  author={Biamonte, Jacob},
  journal={arXiv preprint arXiv:1912.10049},
  year={2019}
}
@article{pednault2017breaking,
  title={Breaking the 49-qubit barrier in the simulation of quantum circuits},
  author={Pednault, Edwin and Gunnels, John A and Nannicini, Giacomo and Horesh, Lior and Magerlein, Thomas and Solomonik, Edgar and Wisnieff, Robert},
  journal={arXiv preprint arXiv:1710.05867},
  volume={15},
  year={2017}
}
@article{davidson2012model,
  title={Model Checking for Communicating Quantum Processes.},
  author={Davidson, Timothy AS and Gay, Simon J and Mlnarik, Hynek and Nagarajan, Rajagopal and Papanikolaou, Nick},
  journal={Int. J. Unconv. Comput.},
  volume={8},
  number={1},
  pages={73--98},
  year={2012}
}
@book{ying2016foundations,
  title={Foundations of quantum programming},
  author={Ying, Mingsheng},
  year={2016},
  publisher={Morgan Kaufmann}
}
@article{ying2014model,
  title={Model-checking linear-time properties of quantum systems},
  author={Ying, Mingsheng and Li, Yangjia and Yu, Nengkun and Feng, Yuan},
  journal={ACM Transactions on Computational Logic (TOCL)},
  volume={15},
  number={3},
  pages={1--31},
  year={2014},
  publisher={ACM New York, NY, USA}
}
@article{feng2013model,
  title={Model checking quantum Markov chains},
  author={Feng, Yuan and Yu, Nengkun and Ying, Mingsheng},
  journal={Journal of Computer and System Sciences},
  volume={79},
  number={7},
  pages={1181--1198},
  year={2013},
  publisher={Elsevier}
}
@article{van2020zx,
  title={ZX-calculus for the working quantum computer scientist},
  author={van de Wetering, John},
  journal={arXiv preprint arXiv:2012.13966},
  year={2020}
}
@inproceedings{ying2021model,
  title={Model Checking for Verification of Quantum Circuits},
  author={Ying, Mingsheng},
  booktitle={Formal Methods: 24th International Symposium, FM 2021, Virtual Event, November 20--26, 2021, Proceedings 24},
  pages={23--39},
  year={2021},
  organization={Springer}
}
@article{chen2018classical,
  title={Classical simulation of intermediate-size quantum circuits},
  author={Chen, Jianxin and Zhang, Fang and Huang, Cupjin and Newman, Michael and Shi, Yaoyun},
  journal={arXiv preprint arXiv:1805.01450},
  year={2018}
}
@inbook{2009, ISBN={9789048130658}, url={http://dx.doi.org/10.1007/978-90-481-3065-8_9}, DOI={10.1007/978-90-481-3065-8_9}, booktitle={Quantum Circuit Simulation}, publisher={Springer Netherlands}, year={2009}, pages={115–131} }


@inproceedings{Grover_1996, series={STOC ’96}, title={A fast quantum mechanical algorithm for database search}, url={http://dx.doi.org/10.1145/237814.237866}, DOI={10.1145/237814.237866}, booktitle={Proceedings of the twenty-eighth annual ACM symposium on Theory of computing  - STOC ’96}, publisher={ACM Press}, author={Grover, Lov K.}, year={1996}, collection={STOC ’96} }


@inproceedings{Shor, series={SFCS-94}, title={Algorithms for quantum computation: discrete logarithms and factoring}, url={http://dx.doi.org/10.1109/sfcs.1994.365700}, DOI={10.1109/sfcs.1994.365700}, booktitle={Proceedings 35th Annual Symposium on Foundations of Computer Science}, publisher={IEEE Comput. Soc. Press}, author={Shor, P.W.},
year={1994}, collection={SFCS-94} }


@inbook{Feynman, title={Simulating Physics with Computers}, ISBN={9780429500459}, url={http://dx.doi.org/10.1201/9780429500459-11}, DOI={10.1201/9780429500459-11}, booktitle={Feynman and Computation}, publisher={CRC Press}, author={Feynman, Richard P.}, pages={133–153}, year={2002} }


@inbook{goranko_2023, place={Cambridge}, series={Elements in Philosophy and Logic}, title={Temporal Logics}, DOI={10.1017/9781009170093}, publisher={Cambridge University Press}, author={Goranko, Valentin}, year={2023}, collection={Elements in Philosophy and Logic}}


@inbook{Baym_2018, title={Rotations and Tensor Operators}, ISBN={9780429499265}, url={http://dx.doi.org/10.1201/9780429499265-17}, DOI={10.1201/9780429499265-17}, booktitle={Lectures on Quantum Mechanics}, publisher={CRC Press}, author={Baym, Gordon}, year={2018}, month=mar, pages={358–386} }


@article{Hong_2022, title={A Tensor Network based Decision Diagram for Representation of Quantum Circuits}, volume={27}, ISSN={1557-7309}, url={http://dx.doi.org/10.1145/3514355}, DOI={10.1145/3514355}, number={6}, journal={ACM Transactions on Design Automation of Electronic Systems}, publisher={Association for Computing Machinery (ACM)}, author={Hong, Xin and Zhou, Xiangzhen and Li, Sanjiang and Feng, Yuan and Ying, Mingsheng}, year={2022}, month=jun, pages={1–30} }


@inbook{Chaki_2018, title={BDD-Based Symbolic Model Checking}, ISBN={9783319105758}, url={http://dx.doi.org/10.1007/978-3-319-10575-8_8}, DOI={10.1007/978-3-319-10575-8_8}, booktitle={Handbook of Model Checking}, publisher={Springer International Publishing}, author={Chaki, Sagar and Gurfinkel, Arie}, year={2018}, pages={219–245} }


@article{Viamontes_2003, title={Improving Gate-Level Simulation of Quantum Circuits}, volume={2}, ISSN={1570-0755}, url={http://dx.doi.org/10.1023/b:qinp.0000022725.70000.4a}, DOI={10.1023/b:qinp.0000022725.70000.4a}, number={5}, journal={Quantum Information Processing}, publisher={Springer Science and Business Media LLC}, author={Viamontes, George F. and Markov, Igor L. and Hayes, John P.}, year={2003}, month=oct, pages={347–380} }


@inbook{Seiter_2013, title={Property Checking of Quantum Circuits Using Quantum Multiple-Valued Decision Diagrams}, ISBN={9783642363153}, ISSN={1611-3349}, url={http://dx.doi.org/10.1007/978-3-642-36315-3_15}, DOI={10.1007/978-3-642-36315-3_15}, booktitle={Lecture Notes in Computer Science}, publisher={Springer Berlin Heidelberg}, author={Seiter, Julia and Soeken, Mathias and Wille, Robert and Drechsler, Rolf}, year={2013}, pages={183–196} }


@article{Kerckhoff_2010, title={Designing Quantum Memories with Embedded Control: Photonic Circuits for Autonomous Quantum Error Correction}, volume={105}, ISSN={1079-7114}, url={http://dx.doi.org/10.1103/physrevlett.105.040502}, DOI={10.1103/physrevlett.105.040502}, number={4}, journal={Physical Review Letters}, publisher={American Physical Society (APS)}, author={Kerckhoff, Joseph and Nurdin, Hendra I. and Pavlichin, Dmitri S. and Mabuchi, Hideo}, year={2010}, month=jul }


@article{Gough_2008, title={Quantum Feedback Networks: Hamiltonian Formulation}, volume={287}, ISSN={1432-0916}, url={http://dx.doi.org/10.1007/s00220-008-0698-8}, DOI={10.1007/s00220-008-0698-8}, number={3}, journal={Communications in Mathematical Physics}, publisher={Springer Science and Business Media LLC}, author={Gough, J. and James, M. R.}, year={2008}, month=dec, pages={1109–1132} }


@article{Bocharov_2015, title={Efficient Synthesis of Universal Repeat-Until-Success Quantum Circuits}, volume={114}, ISSN={1079-7114}, url={http://dx.doi.org/10.1103/physrevlett.114.080502}, DOI={10.1103/physrevlett.114.080502}, number={8}, journal={Physical Review Letters}, publisher={American Physical Society (APS)}, author={Bocharov, Alex and Roetteler, Martin and Svore, Krysta M.}, year={2015}, month=feb }


@inbook{Gay, title={QMC: A Model Checker for Quantum Systems}, ISBN={9783540705451}, ISSN={1611-3349}, url={http://dx.doi.org/10.1007/978-3-540-70545-1_51}, DOI={10.1007/978-3-540-70545-1_51}, booktitle={Lecture Notes in Computer Science}, publisher={Springer Berlin Heidelberg}, author={Gay, Simon J. and Nagarajan, Rajagopal and Papanikolaou, Nikolaos}, pages={543–547},year = {2008} }


@article{BALTAZAR_2008, title={QUANTUM COMPUTATION TREE LOGIC — MODEL CHECKING AND COMPLETE CALCULUS}, volume={06}, ISSN={1793-6918}, url={http://dx.doi.org/10.1142/s0219749908003530}, DOI={10.1142/s0219749908003530}, number={02}, journal={International Journal of Quantum Information}, publisher={World Scientific Pub Co Pte Lt}, author={BALTAZAR, P. and CHADHA, R. and MATEUS, P.}, year={2008}, month=apr, pages={219–236} }



@inbook{Ying_2013, title={Reachability Probabilities of Quantum Markov Chains}, ISBN={9783642401848}, ISSN={1611-3349}, url={http://dx.doi.org/10.1007/978-3-642-40184-8_24}, DOI={10.1007/978-3-642-40184-8_24}, booktitle={Lecture Notes in Computer Science}, publisher={Springer Berlin Heidelberg}, author={Ying, Shenggang and Feng, Yuan and Yu, Nengkun and Ying, Mingsheng}, year={2013}, pages={334–348} }


@book{2021, place={Cambridge}, title={Model Checking Quantum Systems: Principles and Algorithms}, publisher={Cambridge University Press}, author={Ying, Mingsheng and Feng, Yuan}, year={2021}}


@inproceedings{Vilmart_2019, title={A Near-Minimal Axiomatisation of ZX-Calculus for Pure Qubit Quantum Mechanics}, url={http://dx.doi.org/10.1109/lics.2019.8785765}, DOI={10.1109/lics.2019.8785765}, booktitle={2019 34th Annual ACM/IEEE Symposium on Logic in Computer Science (LICS)}, publisher={IEEE}, author={Vilmart, Renaud}, year={2019}, month=jun }


@inbook{Ying_2021, title={Model Checking for Verification of Quantum Circuits}, ISBN={9783030908706}, ISSN={1611-3349}, url={http://dx.doi.org/10.1007/978-3-030-90870-6_2}, DOI={10.1007/978-3-030-90870-6_2}, booktitle={Lecture Notes in Computer Science}, publisher={Springer International Publishing}, author={Ying, Mingsheng}, year={2021}, pages={23–39} }
@misc{wiki:bdd,
  title = {Binary decision diagram},
  url = {https://en.wikipedia.org/wiki/Binary_decision_diagram},
  year = {2023},
  note = {[Online; accessed 12-December-2023]}
}

@article{vinkhuijzen2023limdd,
  title={LIMDD: A decision diagram for simulation of quantum computing including stabilizer states},
  author={Vinkhuijzen, Lieuwe and Coopmans, Tim and Elkouss, David and Dunjko, Vedran and Laarman, Alfons},
  journal={Quantum},
  volume={7},
  pages={1108},
  year={2023},
  publisher={Verein zur F{\"o}rderung des Open Access Publizierens in den Quantenwissenschaften}
}
@article{birkhoff1987logic,
  title={The logic of quantum mechanics},
  author={Birkhoff, Garrett and Von Neumann, John},
  journal={Selected Papers on Algebra and Topology},
  volume={37},
  number={4},
  pages={67},
  year={1987},
  publisher={Birkh{\"a}user}
}
@INPROCEEDINGS{1623982,
  author={Miller, D.M. and Thornton, M.A.},
  booktitle={36th International Symposium on Multiple-Valued Logic (ISMVL'06)}, 
  title={QMDD: A Decision Diagram Structure for Reversible and Quantum Circuits}, 
  year={2006},
  volume={},
  number={},
  pages={30-30},
  doi={10.1109/ISMVL.2006.35}}

@article{niemann2020advanced,
  title={Advanced exact synthesis of Clifford+ T circuits},
  author={Niemann, Philipp and Wille, Robert and Drechsler, Rolf},
  journal={Quantum Information Processing},
  volume={19},
  pages={1--23},
  year={2020},
  publisher={Springer}
}

@inproceedings{burgholzer2020verifying,
  title={Verifying results of the IBM Qiskit quantum circuit compilation flow},
  author={Burgholzer, Lukas and Raymond, Rudy and Wille, Robert},
  booktitle={2020 IEEE International Conference on Quantum Computing and Engineering (QCE)},
  pages={356--365},
  year={2020},
  organization={IEEE}
}
@article{zhang2024quantum,
  title={Quantum Circuit Simulation with Fast Tensor Decision Diagram},
  author={Zhang, Qirui and Saligane, Mehdi and Kim, Hun-Seok and Blaauw, David and Tzimpragos, Georgios and Sylvester, Dennis},
  journal={arXiv preprint arXiv:2401.11362},
  year={2024}
}
@article{turing1936computable,
  title={On computable numbers, with an application to the Entscheidungsproblem},
  author={Turing, Alan Mathison and others},
  journal={J. of Math},
  volume={58},
  number={345-363},
  pages={5},
  year={1936}
}
@article{planck1901law,
  title={On the law of distribution of energy in the normal spectrum},
  author={Planck, Max},
  journal={Annalen der physik},
  volume={4},
  number={553},
  pages={1},
  year={1901}
}
@article{bhatta2020plurality,
  title={Plurality of wave--particle duality},
  author={Bhatta, Varun S},
  journal={Current Science},
  volume={118},
  number={9},
  pages={1365--1374},
  year={2020},
  publisher={CURRENT SCIENCE ASSOCIATION}
}
@book{hodges2014alan,
  title={Alan Turing: The Enigma: The Book That Inspired the Film" The Imitation Game"},
  author={Hodges, Andrew},
  year={2014},
  publisher={Princeton University Press}
}
@article{maartensson2006manhattan,
  title={The Manhattan project—a part of physics history},
  author={M{\aa}rtensson-Pendrill, Ann-Marie},
  journal={Physics education},
  volume={41},
  number={6},
  pages={493},
  year={2006},
  publisher={IOP Publishing}
}
@article{benioff1980computer,
  title={The computer as a physical system: A microscopic quantum mechanical Hamiltonian model of computers as represented by Turing machines},
  author={Benioff, Paul},
  journal={Journal of statistical physics},
  volume={22},
  pages={563--591},
  year={1980},
  publisher={Springer}
}
@article{manin1980vychislimoe,
  title={Vychislimoe i nevychislimoe},
  author={Manin, I︠U︡riĭ Ivanovich},
  year={1980}
}
@article{bennett2014quantum,
  title={Quantum cryptography: Public key distribution and coin tossing},
  author={Bennett, Charles H and Brassard, Gilles},
  journal={Theoretical computer science},
  volume={560},
  pages={7--11},
  year={2014},
  publisher={Elsevier}
}
@article{lloyd1996universal,
  title={Universal quantum simulators},
  author={Lloyd, Seth},
  journal={Science},
  volume={273},
  number={5278},
  pages={1073--1078},
  year={1996},
  publisher={American Association for the Advancement of Science}
}
@article{cao2019quantum,
  title={Quantum chemistry in the age of quantum computing},
  author={Cao, Yudong and Romero, Jonathan and Olson, Jonathan P and Degroote, Matthias and Johnson, Peter D and Kieferov{\'a}, M{\'a}ria and Kivlichan, Ian D and Menke, Tim and Peropadre, Borja and Sawaya, Nicolas PD and others},
  journal={Chemical reviews},
  volume={119},
  number={19},
  pages={10856--10915},
  year={2019},
  publisher={ACS Publications}
}
@article{chuang1998experimental,
  title={Experimental implementation of fast quantum searching},
  author={Chuang, Isaac L and Gershenfeld, Neil and Kubinec, Mark},
  journal={Physical review letters},
  volume={80},
  number={15},
  pages={3408},
  year={1998},
  publisher={APS}
}
@article{arute2019quantum,
  title={Quantum supremacy using a programmable superconducting processor},
  author={Arute, Frank and Arya, Kunal and Babbush, Ryan and Bacon, Dave and Bardin, Joseph C and Barends, Rami and Biswas, Rupak and Boixo, Sergio and Brandao, Fernando GSL and Buell, David A and others},
  journal={Nature},
  volume={574},
  number={7779},
  pages={505--510},
  year={2019},
  publisher={Nature Publishing Group}
}
@article{pednault2019quantum,
  title={On quantum supremacy},
  author={Pednault, Edwin and Gunnels, John and Maslov, Dmitri and Gambetta, Jay},
  journal={IBM Research Blog},
  volume={21},
  year={2019}
}
@article{kwiatkowska2004probabilistic,
 abstract = {In this paper we present efficient symbolic techniques for probabilistic model checking. These have been implemented in PRISM, a tool for the analysis of probabilistic models such as discrete-time Markov chains, continuous-time Markov chains and Markov decision processes using specifications in the probabilistic temporal logics PCTL and CSL. Motivated by the success of model checkers such as SMV which use BDDs (binary decision diagrams), we have developed an implementation of PCTL and CSL model checking based on},
 author = {Kwiatkowska, Marta and Norman, Gethin and Parker, David},
 journal = {International journal on software tools for technology transfer},
 pages = {128--142},
 pub_year = {2004},
 publisher = {Springer},
 title = {Probabilistic symbolic model checking with PRISM: A hybrid approach},
 venue = {International journal on software …},
 volume = {6}
}


@inproceedings{baltazar2007towards,
  title={Towards model-checking quantum security protocols},
  author={Baltazar, Pedro and Chadha, Rohit and Mateus, Paulo and Sernadas, Am{\'\i}lcar},
  booktitle={2007 First International Conference on Quantum, Nano, and Micro Technologies (ICQNM'07)},
  pages={14--14},
  year={2007},
  organization={IEEE}
}

@article{baltazar2008quantum,
  title={Quantum computation tree logic—model checking and complete calculus},
  author={Baltazar, Pedro and Chadha, Rohit and Mateus, Paulo},
  journal={International Journal of Quantum Information},
  volume={6},
  number={02},
  pages={219--236},
  year={2008},
  publisher={World Scientific}
}

@article{mateus2006weakly,
 abstract = {A finitary axiomatization for EQPL (exogenous quantum propositional logic) is presented. The axiomatization is shown to be weakly complete relative to an oracle for analytical reasoning. The proof is carried out using a non-trivial extension of the Fagin–Halpern–Megiddo technique together with three Henkin style completions.},
 author = {Mateus, Paulo and Sernadas, Am{\'\i}lcar},
 journal = {Information and Computation},
 number = {5},
 pages = {771--794},
 pub_year = {2006},
 publisher = {Elsevier},
 title = {Weakly complete axiomatization of exogenous quantum propositional logic},
 venue = {Information and Computation},
 volume = {204}
}



@inproceedings{mateus2004reasoning,
 abstract = {A new logic is proposed for reasoning about quantum systems. The logic embodies the postulates of quantum physics and it was designed from the semantics upwards by identifying quantum models with superpositions of classical models. This novel approach to quantum logic is completely different from the traditional approach of Birkhoff and von Neumann. It has the advantage of making quantum logic an extension of classical logic. The key new ingredient of the language of the proposed logic is a rather general modal operator},
 author = {Mateus, Paulo and Sernadas, Amilcar},
 booktitle = {European Workshop on Logics in Artificial Intelligence},
 organization = {Springer},
 pages = {239--251},
 pub_year = {2004},
 title = {Reasoning about quantum systems},
 venue = {European Workshop on Logics in Artificial …}
}


@phdthesis{davidson2012formal,
  title={Formal verification techniques using quantum process calculus},
  author={Davidson, Timothy AS},
  year={2012},
  school={University of Warwick}
}

@inproceedings{gay2005communicating,
  title={Communicating quantum processes},
  author={Gay, Simon J and Nagarajan, Rajagopal},
  booktitle={Proceedings of the 32nd ACM SIGPLAN-SIGACT Symposium on Principles of Programming languages},
  pages={145--157},
  year={2005}
}

@article{gay2010specification,
  title={Specification and verification of quantum protocols},
  author={Gay, Simon J and Nagarajan, Rajagopal and Papanikolaou, Nikolaos},
  journal={Semantic Techniques in Quantum Computation},
  pages={414--472},
  year={2010},
  publisher={Cambridge University Press Cambridge}
}

@book{gottesman1997stabilizer,
 abstract = {Controlling operational errors and decoherence is one of the major challenges facing the field of quantum computation and other attempts to create specified many-particle entangled states. The field of quantum error correction has developed to meet this challenge. A group-theoretical structure and associated subclass of quantum codes, the stabilizer codes, has proved particularly fruitful in producing codes and in understanding the structure of both specific codes and classes of codes. I will give an overview of the field of quantum error},
 author = {Gottesman, Daniel},
 pub_year = {1997},
 publisher = {California Institute of Technology},
 title = {Stabilizer codes and quantum error correction},
 venue = {NA}
}


@inproceedings{ardeshir2013equivalence,
  title={Equivalence checking of quantum protocols},
  author={Ardeshir-Larijani, Ebrahim and Gay, Simon J and Nagarajan, Rajagopal},
  booktitle={Tools and Algorithms for the Construction and Analysis of Systems: 19th International Conference, TACAS 2013, Held as Part of the European Joint Conferences on Theory and Practice of Software, ETAPS 2013, Rome, Italy, March 16-24, 2013. Proceedings 19},
  pages={478--492},
  year={2013},
  organization={Springer}
}

@inproceedings{ardeshir2014verification,
  title={Verification of concurrent quantum protocols by equivalence checking},
  author={Ardeshir-Larijani, Ebrahim and Gay, Simon J and Nagarajan, Rajagopal},
  booktitle={Tools and Algorithms for the Construction and Analysis of Systems: 20th International Conference, TACAS 2014, Held as Part of the European Joint Conferences on Theory and Practice of Software, ETAPS 2014, Grenoble, France, April 5-13, 2014. Proceedings 20},
  pages={500--514},
  year={2014},
  organization={Springer}
}


@inproceedings{kondacs1997power,
  title={On the power of quantum finite state automata},
  author={Kondacs, Attila and Watrous, John},
  booktitle={Proceedings 38th annual symposium on foundations of computer science},
  pages={66--75},
  year={1997},
  organization={IEEE}
}


@inproceedings{li2014decidable,
  title={(Un) decidable problems about reachability of quantum systems},
  author={Li, Yangjia and Ying, Mingsheng},
  booktitle={CONCUR 2014--Concurrency Theory: 25th International Conference, CONCUR 2014, Rome, Italy, September 2-5, 2014. Proceedings 25},
  pages={482--496},
  year={2014},
  organization={Springer}
}

@inproceedings{ying2013reachability,
  title={Reachability probabilities of quantum Markov chains},
  author={Ying, Shenggang and Feng, Yuan and Yu, Nengkun and Ying, Mingsheng},
  booktitle={CONCUR 2013--Concurrency Theory: 24th International Conference, CONCUR 2013, Buenos Aires, Argentina, August 27-30, 2013. Proceedings 24},
  pages={334--348},
  year={2013},
  organization={Springer}
}

@article{ying2018reachability,
 abstract = {We introduce the notion of quantum Markov decision process (qMDP) as a semantic model of nondeterministic and concurrent quantum programs. It is shown by examples that qMDPs can be used in analysis of quantum algorithms and protocols. We study various reachability problems of qMDPs both for the finite-horizon and for the infinite-horizon. The (un) decidability and complexity of these problems are settled, and the relationship between one of them and the joint spectral radius problem, a long-standing open problem in matrix},
 author = {Ying, Shenggang and Ying, Mingsheng},
 journal = {Information and Computation},
 pages = {31--51},
 pub_year = {2018},
 publisher = {Elsevier},
 title = {Reachability analysis of quantum Markov decision processes},
 venue = {Information and Computation},
 volume = {263}
}


@article{ying2013verification,
 abstract = {This paper aims at developing verification methodology for quantum programs. Quantum  mechanics is an intrinsically probabilistic theory. So, it is natural to see whether the successful  methods  Our contribution: The first aim of this paper is to develop a verification method for  quantum programs in the Sharir– Pnueli–Hart style. According to the Hilbert space formalism of},
 author = {Ying, Mingsheng and Yu, Nengkun and Feng, Yuan and Duan, Runyao},
 journal = {Science of Computer Programming},
 number = {9},
 pages = {1679--1700},
 pub_year = {2013},
 publisher = {Elsevier},
 title = {Verification of quantum programs},
 venue = {Science of Computer Programming},
 volume = {78}
}



@inproceedings{feng2013reachability,
  title={Reachability analysis of recursive quantum Markov chains},
  author={Feng, Yuan and Yu, Nengkun and Ying, Mingsheng},
  booktitle={Mathematical Foundations of Computer Science 2013: 38th International Symposium, MFCS 2013, Klosterneuburg, Austria, August 26-30, 2013. Proceedings 38},
  pages={385--396},
  year={2013},
  organization={Springer}
}

@inproceedings{feng2017model,
  title={Model checking omega-regular properties for quantum Markov chains},
  author={Feng, Yuan and Hahn, Ernst Moritz and Turrini, Andrea and Ying, Shenggang},
  booktitle={28th International Conference on Concurrency Theory (CONCUR 2017)},
  year={2017},
  organization={Schloss Dagstuhl-Leibniz-Zentrum fuer Informatik}
}

@inproceedings{feng2015qpmc,
  title={QPMC: A model checker for quantum programs and protocols},
  author={Feng, Yuan and Hahn, Ernst Moritz and Turrini, Andrea and Zhang, Lijun},
  booktitle={FM 2015: Formal Methods: 20th International Symposium, Oslo, Norway, June 24-26, 2015, Proceedings 20},
  pages={265--272},
  year={2015},
  organization={Springer}
}

@inproceedings{hahn2014iscas,
  title={iscas M c: a web-based probabilistic model checker},
  author={Hahn, Ernst Moritz and Li, Yi and Schewe, Sven and Turrini, Andrea and Zhang, Lijun},
  booktitle={FM 2014: Formal Methods: 19th International Symposium, Singapore, May 12-16, 2014. Proceedings 19},
  pages={312--317},
  year={2014},
  organization={Springer}
}
@article{Nature2023IBMCondor,
  title={IBM releases first-ever 1,000-qubit quantum chip},
  author={Nature},
  journal={Nature},
  volume={624},
  pages={238},
  year={2023},
  publisher={Nature Publishing Group},
  doi={10.1038/d41586-023-03854-1},
  url={https://www.nature.com/articles/d41586-023-03854-1}
}
@online{IonQ2023BariumQubits,
  author = {{IonQ, Inc.}},
  title = {IonQ Achieves Industry Leading Performance on Next Generation Barium Qubits},
  year = 2023,
  month = {October},
  url = {https://investors.ionq.com/news/news-details/2023/IonQ-Achieves-Industry-Leading-Performance-on-Next-Generation-Barium-Qubits/default.aspx},
  note = {Accessed: 2024-03-04}
}
@online{AtomComputing2023,
  author = {{Atom Computing}},
  title = {Quantum startup Atom Computing first to exceed 1,000 qubits},
  year = 2023,
  month = {October},
  url = {https://atom-computing.com/quantum-startup-atom-computing-first-to-exceed-1000-qubits/},
  note = {Accessed: 2024-03-04}
}
@article{deng2023gaussian,
  title={Gaussian boson sampling with pseudo-photon-number-resolving detectors and quantum computational advantage},
  author={Deng, Yu-Hao and Gu, Yi-Chao and Liu, Hua-Liang and Gong, Si-Qiu and Su, Hao and Zhang, Zhi-Jiong and Tang, Hao-Yang and Jia, Meng-Hao and Xu, Jia-Min and Chen, Ming-Cheng and others},
  journal={Physical review letters},
  volume={131},
  number={15},
  pages={150601},
  year={2023},
  publisher={APS}
}
@misc{QuantumCloudPlatform2023,
  title={China Unveils New Quantum Computing Cloud Platform},
  author={{Beijing Academy of Quantum Information Sciences and Tsinghua University}},
  howpublished={Chinese Academy of Sciences Newsroom},
  year={2023},
  month={May},
  note={\url{https://english.cas.cn/newsroom/cas_media/202305/t20230529_331086.shtml}}
}
@article{huang2020classical,
  title={Classical simulation of quantum supremacy circuits},
  author={Huang, Cupjin and Zhang, Fang and Newman, Michael and Cai, Junjie and Gao, Xun and Tian, Zhengxiong and Wu, Junyin and Xu, Haihong and Yu, Huanjun and Yuan, Bo and others},
  journal={arXiv preprint arXiv:2005.06787},
  year={2020}
}
@inproceedings{narayan1996partitioned,
  title={Partitioned ROBDDs-a compact, canonical and efficiently manipulable representation for Boolean functions},
  author={Narayan, Amit and Jain, Jawahar and Fujita, Masahiro and Sangiovanni-Vincentelli, Alberto},
  booktitle={Proceedings of International Conference on Computer Aided Design},
  pages={547--554},
  year={1996},
  organization={IEEE}
}
@ARTICLE{Cho_1996,
title={Algorithms for approximate {FSM} traversal based on state space decomposition},
year={1996},
author={Hyunwoo Cho and Gary D. Hachtel and Enrico Macii and B. Plessier and Fabio Somenzi},
doi={10.1109/43.552080},
mag_id={1983064190},
journal={IEEE Transactions on Computer-Aided Design of Integrated Circuits and Systems}
}
}
@inproceedings{lin2014parallel,
  title={Parallel hierarchical reachability analysis for analog verification},
  author={Lin, Honghuang and Li, Peng},
  booktitle={Proceedings of the 51st Annual Design Automation Conference},
  pages={1--6},
  year={2014}
}
@inproceedings{Wang+farside_iccad03,
author = {Wang, Chao and Hachtel, Gary D. and Somenzi, Fabio},
title = {The Compositional Far Side of Image Computation},
year = {2003},
isbn = {1581137621},
publisher = {IEEE Computer Society},
address = {USA},
booktitle = {Proceedings of the 2003 IEEE/ACM International Conference on Computer-Aided Design},
pages = {334},
keywords = {Symbolic, image computation, Binary Decision Diagrams, Model checking},
series = {ICCAD '03}
}
@article{roberts2019tensornetwork,
  title={Tensornetwork: A library for physics and machine learning},
  author={Roberts, Chase and Milsted, Ashley and Ganahl, Martin and Zalcman, Adam and Fontaine, Bruce and Zou, Yijian and Hidary, Jack and Vidal, Guifre and Leichenauer, Stefan},
  journal={arXiv preprint arXiv:1905.01330},
  year={2019}
}
@article{mateus2009temporal,
  title={Temporal logics for reasoning about quantum systems},
  author={Mateus, Paulo and Ramos, Jaime and Sernadas, Am{\'\i}lcar and Sernadas, Cristina},
  journal={Semantic techniques in quantum computation},
  pages={389--413},
  year={2009}
}
@book{greub2012linear,
  title={Linear algebra},
  author={Greub, Werner H},
  volume={23},
  year={2012},
  publisher={Springer Science \& Business Media}
}
@article{nagata2017generalization,
  title={A generalization of the Bernstein-Vazirani algorithm},
  author={Nagata, Koji and Resconi, G and Nakamura, T and Batle, J and Abdalla, S and Farouk, A},
  journal={MOJ Ecol. Environ. Sci},
  volume={2},
  number={1},
  pages={00010},
  year={2017}
}
@incollection{greenberger1989going,
  title={Going beyond Bell’s theorem},
  author={Greenberger, Daniel M and Horne, Michael A and Zeilinger, Anton},
  booktitle={Bell’s theorem, quantum theory and conceptions of the universe},
  pages={69--72},
  year={1989},
  publisher={Springer}
}
@article{kempe2003quantum,
  title={Quantum random walks: an introductory overview},
  author={Kempe, Julia},
  journal={Contemporary Physics},
  volume={44},
  number={4},
  pages={307--327},
  year={2003},
  publisher={Taylor \& Francis}
}
@misc{condor,
  author = {Jay Gambetta},
  title = {The hardware and software for the era of quantum utility is here},
  year = {2023},
  note = {URL of the website},
  howpublished = {\url{https://www.ibm.com/quantum/blog/quantum-roadmap-2033}}
}
@misc{chen2023benchmarking,
      title={Benchmarking a trapped-ion quantum computer with 29 algorithmic qubits}, 
      author={Jwo-Sy Chen and Erik Nielsen and Matthew Ebert and Volkan Inlek and Kenneth Wright and Vandiver Chaplin and Andrii Maksymov and Eduardo Páez and Amrit Poudel and Peter Maunz and John Gamble},
      year={2023},
      eprint={2308.05071},
      archivePrefix={arXiv},
      primaryClass={quant-ph}
}
@article{cross2017open,
  title={Open quantum assembly language},
  author={Cross, Andrew W and Bishop, Lev S and Smolin, John A and Gambetta, Jay M},
  journal={arXiv preprint arXiv:1707.03429},
  year={2017}
}
@article{gray2021hyper,
  title={Hyper-optimized tensor network contraction},
  author={Gray, Johnnie and Kourtis, Stefanos},
  journal={Quantum},
  volume={5},
  pages={410},
  year={2021},
  publisher={Verein zur F{\"o}rderung des Open Access Publizierens in den Quantenwissenschaften}
}
