@ARTICLE{kak,
      title={Cartan Decomposition of $SU(2^n)$, Constructive Controllability of Spin systems and Universal Quantum Computing}, 
      author={Navin Khaneja and Steffen Glaser},
      year={2000},
      eprint={quant-ph/0010100},
      archivePrefix={arXiv},
      primaryClass={quant-ph}
}