
@misc{vatan_realization_2004,
	title = {Realization of a {General} {Three}-{Qubit} {Quantum} {Gate}},
	url = {http://arxiv.org/abs/quant-ph/0401178},
	abstract = {We prove that a generic three-qubit quantum logic gate can be implemented using at most 98 one-qubit rotations about the \$y\$- and \$z\$-axes and 40 CNOT gates, beating an earlier bound of 64 CNOT gates.},
	urldate = {2023-02-22},
	publisher = {arXiv},
	author = {Vatan, Farrokh and Williams, Colin P.},
	month = jan,
	year = {2004},
	note = {arXiv:quant-ph/0401178},
	keywords = {Quantum Physics},
	file = {arXiv Fulltext PDF:C\:\\Users\\Bygdc\\Zotero\\storage\\QFK42KHD\\Vatan å’Œ Williams - 2004 - Realization of a General Three-Qubit Quantum Gate.pdf:application/pdf;arXiv.org Snapshot:C\:\\Users\\Bygdc\\Zotero\\storage\\FBYPMXVC\\0401178.html:text/html},
}
